<?xml version="1.0" encoding="UTF-8"?><collection xmlns="http://www.loc.gov/MARC21/slim"><record><leader>00356nam--2200133-i-4500</leader><controlfield tag="001">000002106</controlfield><controlfield tag="002">20161230</controlfield><controlfield tag="005">20161230201024</controlfield><controlfield tag="008">060222s1000------------r-----000-0-eng-d</controlfield><datafield ind1=" " ind2=" " tag="080"><subfield code="a">54</subfield></datafield><datafield ind1=" " ind2=" " tag="100"><subfield code="a">Glinka, N.L</subfield></datafield><datafield ind1=" " ind2=" " tag="245"><subfield code="a">Chimie generala.traducere din lb. rusa dupa editia v-a</subfield></datafield><datafield ind1=" " ind2=" " tag="260"><subfield code="a">Bucuresti, Editura Tehnica, 1954. 592 P. + Erata</subfield></datafield><datafield ind1=" " ind2=" " tag="852"><subfield code="a">II.3471</subfield></datafield></record></collection>